<record><leader>00000cas a2200000 a 4500</leader><controlfield tag="001">1589644</controlfield><controlfield tag="008">750901c18969999mnucr ne      0   a0eng  </controlfield><datafield ind1=" " ind2=" " tag="010"><subfield code="a">sn 82002441 </subfield></datafield><datafield ind1=" " ind2=" " tag="040"><subfield code="a">MUL</subfield><subfield code="b">eng</subfield><subfield code="c">MUL</subfield><subfield code="d">NSD</subfield><subfield code="d">MN#</subfield><subfield code="d">OCL</subfield><subfield code="d">OCLCQ</subfield><subfield code="d">DLC</subfield><subfield code="d">OCLCF</subfield><subfield code="d">OCLCO</subfield></datafield><datafield ind1=" " ind2=" " tag="012"><subfield code="m">1</subfield></datafield><datafield ind1="1" ind2=" " tag="022"><subfield code="a">0744-544X</subfield><subfield code="l">0744-544X</subfield><subfield code="2">1</subfield></datafield><datafield ind1="1" ind2=" " tag="029"><subfield code="a">AU@</subfield><subfield code="b">000020593980</subfield></datafield><datafield ind1=" " ind2=" " tag="032"><subfield code="a">225720</subfield><subfield code="b">USPS</subfield></datafield><datafield ind1=" " ind2=" " tag="037"><subfield code="b">Herald-Review, 301 1st Ave., Grand Rapids, MN, 55744</subfield><subfield code="c">$1.25 (single issue)</subfield><subfield code="c">$1.50 (single issue/Sun.)</subfield><subfield code="c">$50.00 (6 months)</subfield><subfield code="c">$60.00 (1 year)</subfield></datafield><datafield ind1=" " ind2=" " tag="042"><subfield code="a">pcc</subfield><subfield code="a">nsdp</subfield></datafield><datafield ind1=" " ind2=" " tag="043"><subfield code="a">n-us-mn</subfield></datafield><datafield ind1="1" ind2="0" tag="050"><subfield code="a">ISSN RECORD</subfield></datafield><datafield ind1=" " ind2=" " tag="052"><subfield code="a">4144</subfield><subfield code="b">G7</subfield></datafield><datafield ind1=" " ind2=" " tag="052"><subfield code="a">4143</subfield><subfield code="b">I8</subfield></datafield><datafield ind1="1" ind2="0" tag="082"><subfield code="a">071</subfield><subfield code="2">23</subfield></datafield><datafield ind1=" " ind2="0" tag="222"><subfield code="a">Grand Rapids herald-review</subfield></datafield><datafield ind1="0" ind2="0" tag="245"><subfield code="a">Grand Rapids herald-review.</subfield></datafield><datafield ind1="3" ind2="0" tag="246"><subfield code="a">Grand Rapids herald review</subfield></datafield><datafield ind1="3" ind2="0" tag="246"><subfield code="a">Grand Rapids review</subfield></datafield><datafield ind1="3" ind2="0" tag="246"><subfield code="a">Grand Rapids herald</subfield></datafield><datafield ind1="1" ind2=" " tag="246"><subfield code="a">Herald-review</subfield></datafield><datafield ind1=" " ind2=" " tag="260"><subfield code="a">Grand Rapids, Itasca County, Minn :</subfield><subfield code="b">E.C. Kiley,</subfield><subfield code="c">1896-</subfield></datafield><datafield ind1=" " ind2=" " tag="300"><subfield code="a">v.</subfield></datafield><datafield ind1=" " ind2=" " tag="310"><subfield code="a">Semiweekly,</subfield><subfield code="b">Sept. 13, 1954-</subfield></datafield><datafield ind1=" " ind2=" " tag="321"><subfield code="a">Weekly,</subfield><subfield code="b">1896-Sept. 9, 1954</subfield></datafield><datafield ind1="0" ind2=" " tag="362"><subfield code="a">Vol. 4, no. 39 (May 23, 1896)-</subfield></datafield><datafield ind1=" " ind2=" " tag="500"><subfield code="a">Issues for Sept. 13, 1954-Aug. 18, 1980, alternate title between Grand Rapids herald, and Grand Rapids review.</subfield></datafield><datafield ind1=" " ind2=" " tag="500"><subfield code="a">Publisher varies.</subfield></datafield><datafield ind1=" " ind2=" " tag="515"><subfield code="a">Issues for May 23-Nov. 14, 1896, called also Herald--v. 2, no. 37-Herald--v. 3, no. 9.</subfield></datafield><datafield ind1=" " ind2=" " tag="530"><subfield code="a">Available on microfilm from the Minnesota Historical Society.</subfield></datafield><datafield ind1=" " ind2=" " tag="588"><subfield code="a">Latest issue consulted: Vol. 118, no. 83 (Oct. 20, 2013).</subfield></datafield><datafield ind1=" " ind2="0" tag="651"><subfield code="a">Grand Rapids (Minn.)</subfield><subfield code="v">Newspapers.</subfield></datafield><datafield ind1=" " ind2="7" tag="655"><subfield code="a">Newspapers.</subfield><subfield code="2">fast</subfield><subfield code="0">(OCoLC)fst01423814</subfield></datafield><datafield ind1=" " ind2="7" tag="651"><subfield code="a">Minnesota</subfield><subfield code="z">Grand Rapids.</subfield><subfield code="2">fast</subfield><subfield code="0">(OCoLC)fst01219667</subfield></datafield><datafield ind1=" " ind2=" " tag="752"><subfield code="a">United States</subfield><subfield code="b">Minnesota</subfield><subfield code="c">Itasca</subfield><subfield code="d">Grand Rapids.</subfield></datafield><datafield ind1="0" ind2="4" tag="780"><subfield code="t">Grand Rapids herald (Grand Rapids, Minn.)</subfield><subfield code="w">(DLC)sn 89064892</subfield><subfield code="w">(OCoLC)1751385</subfield></datafield><datafield ind1="0" ind2="4" tag="780"><subfield code="t">Iron and lumber review</subfield></datafield><datafield ind1="0" ind2="5" tag="780"><subfield code="t">Big Fork times</subfield><subfield code="w">(DLC)sn 89064883</subfield><subfield code="w">(OCoLC)20903805</subfield></datafield><datafield ind1="0" ind2="5" tag="780"><subfield code="t">Keewatin chronicle</subfield><subfield code="w">(DLC)sn 89064893</subfield><subfield code="w">(OCoLC)1641915</subfield></datafield><datafield ind1="0" ind2="6" tag="780"><subfield code="t">Grand Rapids magnet</subfield><subfield code="w">(DLC)sn 89064900</subfield><subfield code="w">(OCoLC)1585510</subfield></datafield><datafield ind1="0" ind2="5" tag="785"><subfield code="t">Itasca County independent</subfield><subfield code="w">(DLC)sn 89064901</subfield><subfield code="w">(OCoLC)1754069</subfield></datafield></record>